@Article{Understanding-MDE,
Title="Understanding {MDE} projects: megamodels to the
               rescue for architecture recovery",
Author="Di Rocco, Juri and Di Ruscio, Davide and Haertel, Johannes and
               Iovino, Ludovico and Laemmel, Ralf and Pierantonio, Alfonso",
Journal="Software and Systems Modeling",
Year=2020,
}

@Article{CoqTL,
Title="{CoqTL}: A {Coq} {DSL} for Rule-Based Model Transformation",
Author="Cheng, Zheng and Tisi, Massimo and Douence, RÃ©mi",
Journal="Software and Systems Modeling",
Year=2020,
}

@Article{Transformation-Reuse,
Title="Comparing and Classifying Model Transformation Reuse
               Approaches across Metamodels",
Author="Combemale, Benoit and Bruel, Jean-Michel and Guerra, Esther and
               Jezequel, Jean-Marc and Kienzle, Joerg and de Lara, Juan and
               Mussbacher, Gunter and Syriani, Eugene and Vangheluwe, Hans",
Journal="Software and Systems Modeling",
Year=2020,
}
